<record><leader>00000cas a22000007a 4500</leader><controlfield tag="001">21656476</controlfield><controlfield tag="008">900531d19751977couwr ne      0    0eng d</controlfield><datafield ind1=" " ind2=" " tag="010"><subfield code="a">sn 90051378 </subfield></datafield><datafield ind1=" " ind2=" " tag="040"><subfield code="a">CNQ</subfield><subfield code="b">eng</subfield><subfield code="c">CNQ</subfield><subfield code="d">OCLCQ</subfield></datafield><datafield ind1=" " ind2=" " tag="042"><subfield code="a">msc</subfield></datafield><datafield ind1="0" ind2="4" tag="245"><subfield code="a">The Roaring Fork review &amp; valley journal.</subfield></datafield><datafield ind1="1" ind2="7" tag="246"><subfield code="a">Valley journal</subfield></datafield><datafield ind1=" " ind2=" " tag="260"><subfield code="a">Carbondale, Colo. :</subfield><subfield code="b">Roaring Fork Valley Journal, Inc.</subfield></datafield><datafield ind1=" " ind2=" " tag="300"><subfield code="a">v.</subfield></datafield><datafield ind1=" " ind2=" " tag="310"><subfield code="a">Weekly</subfield></datafield><datafield ind1="0" ind2=" " tag="362"><subfield code="a">Vol. 1, no. 21 (Oct. 31, 1975)-v. 4, no. 9 (Mar. 3, 1977).</subfield></datafield><datafield ind1=" " ind2=" " tag="530"><subfield code="a">Available on microfilm from the Colorado Historical Society.</subfield></datafield><datafield ind1=" " ind2=" " tag="752"><subfield code="a">United States</subfield><subfield code="b">Colorado</subfield><subfield code="c">Garfield</subfield><subfield code="d">Carbondale.</subfield></datafield><datafield ind1="0" ind2="4" tag="780"><subfield code="t">Roaring Fork review</subfield></datafield><datafield ind1="0" ind2="4" tag="780"><subfield code="t">Roaring Fork Valley journal (Carbondale, Colo. : 1975)</subfield><subfield code="w">(DLC)sn 90051377</subfield></datafield><datafield ind1="0" ind2="0" tag="785"><subfield code="t">Roaring Fork Valley journal (Carbondale, Colo. : 1977)</subfield><subfield code="w">(DLC)sn 90051379</subfield></datafield></record>